
@article{west_tokamak_2025,
    title={WEST Tokamak Performance Analysis},
    author={WEST Team},
    journal={Nuclear Fusion},
    year={2025},
    volume={65},
    pages={742--758},
    note={February 12, 2025 baseline data}
}

@article{polymer_lqg_theory,
    title={Loop Quantum Gravity and Polymer Field Theory},
    author={Ashtekar, A. and Lewandowski, J.},
    journal={Classical and Quantum Gravity},
    year={2004},
    volume={21},
    pages={R53--R152}
}

@book{fusion_physics_wesson,
    title={Tokamaks},
    author={Wesson, J.},
    publisher={Oxford University Press},
    year={2011},
    edition={4th}
}

@article{bosch_hale_cross_sections,
    title={Improved formulas for fusion cross-sections and thermal reactivities},
    author={Bosch, H.-S. and Hale, G.M.},
    journal={Nuclear Fusion},
    year={1992},
    volume={32},
    pages={611--631}
}

@article{lawson_criterion_original,
    title={Some Criteria for a Power Producing Thermonuclear Reactor},
    author={Lawson, J.D.},
    journal={Proceedings of the Physical Society B},
    year={1957},
    volume={70},
    pages={6--10}
}
